<?xml version="1.0" encoding="UTF-8"?><collection xmlns="http://www.loc.gov/MARC21/slim"><record><leader>00529nam--2200169-i-4500</leader><controlfield tag="001">000015486</controlfield><controlfield tag="002">20161230</controlfield><controlfield tag="005">20161230201031</controlfield><controlfield tag="008">060222s1000------------r-----000-0-eng-d</controlfield><datafield ind1=" " ind2=" " tag="040"><subfield code="a">IFIN-HH</subfield></datafield><datafield ind1="1" ind2=" " tag="100"><subfield code="a">Demetrescu, M.C. /S.A.</subfield></datafield><datafield ind1="1" ind2="0" tag="245"><subfield code="a">Studies in probability and related topics</subfield><subfield code="b">Papers in honour of octav onicescu on his 90th birthday</subfield><subfield code="c">M.C. Demetrescu ; Marius Iosifescu</subfield></datafield><datafield ind1=" " ind2=" " tag="260"><subfield code="a">Roma, Editrice Nagard, 1983</subfield></datafield><datafield ind1=" " ind2=" " tag="300"><subfield code="a">479P</subfield></datafield><datafield ind1=" " ind2=" " tag="490"><subfield code="a">Iosifescu, Marius</subfield></datafield><datafield ind1=" " ind2=" " tag="852"><subfield code="a">72637</subfield><subfield code="c">519.2</subfield></datafield><datafield ind1=" " ind2=" " tag="CAT"><subfield code="a">Sys</subfield><subfield code="c">20100610</subfield><subfield code="h">152610</subfield></datafield></record></collection>